<?xml version="1.0" encoding="UTF-8"?><collection xmlns="http://www.loc.gov/MARC21/slim"><record><leader>00485nam--2200169-i-4500</leader><controlfield tag="001">000016530</controlfield><controlfield tag="002">20161230</controlfield><controlfield tag="005">20161230201031</controlfield><controlfield tag="008">060222s1000------------r-----000-0-eng-d</controlfield><datafield ind1=" " ind2=" " tag="040"><subfield code="a">IFIN-HH</subfield></datafield><datafield ind1=" " ind2=" " tag="080"><subfield code="a">512.7:53</subfield></datafield><datafield ind1="1" ind2=" " tag="100"><subfield code="a">Adams, Barry G</subfield></datafield><datafield ind1="1" ind2="0" tag="245"><subfield code="a">Algebraic approach to simple quantum system. with applications to perturbation theory</subfield><subfield code="c">Barry g adams</subfield></datafield><datafield ind1=" " ind2=" " tag="260"><subfield code="a">Berlin</subfield><subfield code="b">Springer-verlag</subfield><subfield code="c">1994</subfield></datafield><datafield ind1=" " ind2=" " tag="300"><subfield code="a">XVI + 451 P</subfield></datafield><datafield ind1=" " ind2=" " tag="852"><subfield code="a">80353</subfield><subfield code="c">512</subfield></datafield><datafield ind1=" " ind2=" " tag="CAT"><subfield code="a">Sys</subfield><subfield code="c">20130927</subfield><subfield code="h">124315</subfield></datafield></record></collection>